
<record type="Bibliographic" xmlns="http://www.loc.gov/MARC21/slim">
<leader>00000ntdaa2200000 c 4500</leader>
<controlfield tag="001">994913028</controlfield>
<controlfield tag="003">DE-101</controlfield>
<controlfield tag="005">20171202105355.0</controlfield>
<controlfield tag="007">tu</controlfield>
<controlfield tag="008">090624m19561956gw ||||| |||| 00||||ger  </controlfield>
<datafield ind1="7" ind2=" " tag="016">
<subfield code="2">DE-101</subfield>
<subfield code="a">994913028</subfield>
</datafield>
<datafield ind1=" " ind2=" " tag="035">
<subfield code="a">(DE-599)DNB994913028</subfield>
</datafield>
<datafield ind1=" " ind2=" " tag="040">
<subfield code="a">1270</subfield>
<subfield code="b">ger</subfield>
<subfield code="c">DE-101</subfield>
<subfield code="d">9999</subfield>
</datafield>
<datafield ind1=" " ind2=" " tag="041">
<subfield code="a">ger</subfield>
</datafield>
<datafield ind1=" " ind2=" " tag="044">
<subfield code="c">XA-DE</subfield>
</datafield>
<datafield ind1="1" ind2=" " tag="100">
<subfield code="0">(DE-588)116822449</subfield>
<subfield code="0">https://d-nb.info/gnd/116822449</subfield>
<subfield code="0">(DE-101)116822449</subfield>
<subfield code="a">Schneekluth, Franz</subfield>
<subfield code="d">1896-1971</subfield>
<subfield code="e">Verfasser</subfield>
<subfield code="4">aut</subfield>
<subfield code="2">gnd</subfield>
</datafield>
<datafield ind1="2" ind2=" " tag="110">
<subfield code="0">(DE-588)10132713-4</subfield>
<subfield code="0">https://d-nb.info/gnd/10132713-4</subfield>
<subfield code="0">(DE-101)979041686</subfield>
<subfield code="a">Franz Schneekluth Verlag</subfield>
<subfield code="e">Verfasser</subfield>
<subfield code="4">aut</subfield>
</datafield>
<datafield ind1="1" ind2="0" tag="245">
<subfield code="a">Korrespondenz</subfield>
</datafield>
<datafield ind1=" " ind2="0" tag="264">
<subfield code="a">Darmstadt</subfield>
<subfield code="c">1956-1956</subfield>
</datafield>
<datafield ind1=" " ind2=" " tag="300">
<subfield code="a">2 Bl. = 2 E. masch.m.U. Mit 2 Umschl.</subfield>
<subfield code="e">Franz Schneekluth an Amt für Zoll und Kontrolle des Warenverkehrs, 20.01.1956, 1 Bl. masch.Dg.</subfield>
</datafield>
<datafield ind1=" " ind2=" " tag="336">
<subfield code="a">Text</subfield>
<subfield code="b">txt</subfield>
<subfield code="2">rdacontent</subfield>
</datafield>
<datafield ind1=" " ind2=" " tag="337">
<subfield code="a">ohne Hilfsmittel zu benutzen</subfield>
<subfield code="b">n</subfield>
<subfield code="2">rdamedia</subfield>
</datafield>
<datafield ind1=" " ind2=" " tag="338">
<subfield code="a">Blatt</subfield>
<subfield code="b">nb</subfield>
<subfield code="2">rdacarrier</subfield>
</datafield>
<datafield ind1="1" ind2=" " tag="490">
<subfield code="a">Nachlass Iwan Heilbut</subfield>
</datafield>
<datafield ind1="1" ind2=" " tag="700">
<subfield code="0">(DE-588)116651423</subfield>
<subfield code="0">https://d-nb.info/gnd/116651423</subfield>
<subfield code="0">(DE-101)116651423</subfield>
<subfield code="a">Heilbut, Iwan</subfield>
<subfield code="d">1898-1972</subfield>
<subfield code="e">Adressat</subfield>
<subfield code="4">rcp</subfield>
<subfield code="2">gnd</subfield>
</datafield>
<datafield ind1=" " ind2="0" tag="830">
<subfield code="a">Nachlass Iwan Heilbut</subfield>
<subfield code="w">(DE-101)978829611</subfield>
<subfield code="9">B.01.0201</subfield>
<subfield code="7">tc</subfield>
</datafield>
<datafield ind1=" " ind2=" " tag="850">
<subfield code="a">DE-101e</subfield>
</datafield>
</record>